{
  "kpi_metrics": [
    {
      "MetricID": "KPI001",
      "MetricName": "Revenue",
      "CurrentValue": 125000,
      "PreviousValue": 118000,
      "TargetValue": 130000,
      "MetricDate": "2025-08-13",
      "Category": "Financial",
      "Unit": "$",
      "TrendDirection": "Up",
      "PerformanceStatus": "On Track"
    },
    {
      "MetricID": "KPI002",
      "MetricName": "Profit Margin",
      "CurrentValue": 0.28,
      "PreviousValue": 0.25,
      "TargetValue": 0.3,
      "MetricDate": "2025-08-13",
      "Category": "Financial",
      "Unit": "%",
      "TrendDirection": "Up",
      "PerformanceStatus": "On Track"
    },
    {
      "MetricID": "KPI003",
      "MetricName": "Customer Satisfaction",
      "CurrentValue": 4.6,
      "PreviousValue": 4.4,
      "TargetValue": 4.8,
      "MetricDate": "2025-08-13",
      "Category": "Customer",
      "Unit": "/5",
      "TrendDirection": "Up",
      "PerformanceStatus": "On Track"
    },
    {
      "MetricID": "KPI004",
      "MetricName": "Market Share",
      "CurrentValue": 0.15,
      "PreviousValue": 0.14,
      "TargetValue": 0.18,
      "MetricDate": "2025-08-13",
      "Category": "Market",
      "Unit": "%",
      "TrendDirection": "Up",
      "PerformanceStatus": "Needs Attention"
    },
    {
      "MetricID": "KPI005",
      "MetricName": "Employee Productivity",
      "CurrentValue": 0.92,
      "PreviousValue": 0.88,
      "TargetValue": 0.95,
      "MetricDate": "2025-08-13",
      "Category": "Operations",
      "Unit": "%",
      "TrendDirection": "Up",
      "PerformanceStatus": "On Track"
    }
  ],
  "revenue_data": [
    {
      "Date": "2025-08-13",
      "Revenue": 13391,
      "ProductLine": "Analytics Services",
      "Region": "North America",
      "CustomerSegment": "Enterprise",
      "SalesChannel": "Partner",
      "Quantity": 26,
      "UnitPrice": 500,
      "Cost": 8034.599999999999,
      "Profit": 5356.400000000001
    },
    {
      "Date": "2025-08-13",
      "Revenue": 12345,
      "ProductLine": "Analytics Services",
      "Region": "Europe",
      "CustomerSegment": "Enterprise",
      "SalesChannel": "Partner",
      "Quantity": 24,
      "UnitPrice": 500,
      "Cost": 7407.0,
      "Profit": 4938.0
    },
    {
      "Date": "2025-08-13",
      "Revenue": 13520,
      "ProductLine": "Analytics Services",
      "Region": "Asia Pacific",
      "CustomerSegment": "Enterprise",
      "SalesChannel": "Partner",
      "Quantity": 27,
      "UnitPrice": 500,
      "Cost": 8112.0,
      "Profit": 5408.0
    },
    {
      "Date": "2025-08-13",
      "Revenue": 10020,
      "ProductLine": "Analytics Services",
      "Region": "Latin America",
      "CustomerSegment": "SMB",
      "SalesChannel": "Partner",
      "Quantity": 20,
      "UnitPrice": 500,
      "Cost": 6012.0,
      "Profit": 4008.0
    },
    {
      "Date": "2025-08-13",
      "Revenue": 10897,
      "ProductLine": "Dashboard Development",
      "Region": "North America",
      "CustomerSegment": "SMB",
      "SalesChannel": "Partner",
      "Quantity": 21,
      "UnitPrice": 500,
      "Cost": 6538.2,
      "Profit": 4358.8
    },
    {
      "Date": "2025-08-13",
      "Revenue": 11526,
      "ProductLine": "Dashboard Development",
      "Region": "Europe",
      "CustomerSegment": "SMB",
      "SalesChannel": "Partner",
      "Quantity": 23,
      "UnitPrice": 500,
      "Cost": 6915.599999999999,
      "Profit": 4610.400000000001
    },
    {
      "Date": "2025-08-13",
      "Revenue": 10646,
      "ProductLine": "Dashboard Development",
      "Region": "Asia Pacific",
      "CustomerSegment": "SMB",
      "SalesChannel": "Partner",
      "Quantity": 21,
      "UnitPrice": 500,
      "Cost": 6387.599999999999,
      "Profit": 4258.400000000001
    },
    {
      "Date": "2025-08-13",
      "Revenue": 13771,
      "ProductLine": "Dashboard Development",
      "Region": "Latin America",
      "CustomerSegment": "Enterprise",
      "SalesChannel": "Partner",
      "Quantity": 27,
      "UnitPrice": 500,
      "Cost": 8262.6,
      "Profit": 5508.4
    },
    {
      "Date": "2025-08-13",
      "Revenue": 13565,
      "ProductLine": "Consulting",
      "Region": "North America",
      "CustomerSegment": "Enterprise",
      "SalesChannel": "Partner",
      "Quantity": 27,
      "UnitPrice": 500,
      "Cost": 8139.0,
      "Profit": 5426.0
    },
    {
      "Date": "2025-08-13",
      "Revenue": 10390,
      "ProductLine": "Consulting",
      "Region": "Europe",
      "CustomerSegment": "SMB",
      "SalesChannel": "Partner",
      "Quantity": 20,
      "UnitPrice": 500,
      "Cost": 6234.0,
      "Profit": 4156.0
    },
    {
      "Date": "2025-08-13",
      "Revenue": 12064,
      "ProductLine": "Consulting",
      "Region": "Asia Pacific",
      "CustomerSegment": "Enterprise",
      "SalesChannel": "Partner",
      "Quantity": 24,
      "UnitPrice": 500,
      "Cost": 7238.4,
      "Profit": 4825.6
    },
    {
      "Date": "2025-08-13",
      "Revenue": 10777,
      "ProductLine": "Consulting",
      "Region": "Latin America",
      "CustomerSegment": "SMB",
      "SalesChannel": "Partner",
      "Quantity": 21,
      "UnitPrice": 500,
      "Cost": 6466.2,
      "Profit": 4310.8
    },
    {
      "Date": "2025-08-13",
      "Revenue": 11661,
      "ProductLine": "Training",
      "Region": "North America",
      "CustomerSegment": "SMB",
      "SalesChannel": "Partner",
      "Quantity": 23,
      "UnitPrice": 500,
      "Cost": 6996.599999999999,
      "Profit": 4664.400000000001
    },
    {
      "Date": "2025-08-13",
      "Revenue": 11217,
      "ProductLine": "Training",
      "Region": "Europe",
      "CustomerSegment": "SMB",
      "SalesChannel": "Partner",
      "Quantity": 22,
      "UnitPrice": 500,
      "Cost": 6730.2,
      "Profit": 4486.8
    },
    {
      "Date": "2025-08-13",
      "Revenue": 11060,
      "ProductLine": "Training",
      "Region": "Asia Pacific",
      "CustomerSegment": "SMB",
      "SalesChannel": "Partner",
      "Quantity": 22,
      "UnitPrice": 500,
      "Cost": 6636.0,
      "Profit": 4424.0
    },
    {
      "Date": "2025-08-13",
      "Revenue": 10550,
      "ProductLine": "Training",
      "Region": "Latin America",
      "CustomerSegment": "SMB",
      "SalesChannel": "Partner",
      "Quantity": 21,
      "UnitPrice": 500,
      "Cost": 6330.0,
      "Profit": 4220.0
    },
    {
      "Date": "2025-07-14",
      "Revenue": 14391,
      "ProductLine": "Analytics Services",
      "Region": "North America",
      "CustomerSegment": "Enterprise",
      "SalesChannel": "Partner",
      "Quantity": 28,
      "UnitPrice": 500,
      "Cost": 8634.6,
      "Profit": 5756.4
    },
    {
      "Date": "2025-07-14",
      "Revenue": 13345,
      "ProductLine": "Analytics Services",
      "Region": "Europe",
      "CustomerSegment": "Enterprise",
      "SalesChannel": "Partner",
      "Quantity": 26,
      "UnitPrice": 500,
      "Cost": 8007.0,
      "Profit": 5338.0
    },
    {
      "Date": "2025-07-14",
      "Revenue": 14520,
      "ProductLine": "Analytics Services",
      "Region": "Asia Pacific",
      "CustomerSegment": "Enterprise",
      "SalesChannel": "Partner",
      "Quantity": 29,
      "UnitPrice": 500,
      "Cost": 8712.0,
      "Profit": 5808.0
    },
    {
      "Date": "2025-07-14",
      "Revenue": 11020,
      "ProductLine": "Analytics Services",
      "Region": "Latin America",
      "CustomerSegment": "SMB",
      "SalesChannel": "Partner",
      "Quantity": 22,
      "UnitPrice": 500,
      "Cost": 6612.0,
      "Profit": 4408.0
    },
    {
      "Date": "2025-07-14",
      "Revenue": 11897,
      "ProductLine": "Dashboard Development",
      "Region": "North America",
      "CustomerSegment": "SMB",
      "SalesChannel": "Partner",
      "Quantity": 23,
      "UnitPrice": 500,
      "Cost": 7138.2,
      "Profit": 4758.8
    },
    {
      "Date": "2025-07-14",
      "Revenue": 12526,
      "ProductLine": "Dashboard Development",
      "Region": "Europe",
      "CustomerSegment": "Enterprise",
      "SalesChannel": "Partner",
      "Quantity": 25,
      "UnitPrice": 500,
      "Cost": 7515.599999999999,
      "Profit": 5010.400000000001
    },
    {
      "Date": "2025-07-14",
      "Revenue": 11646,
      "ProductLine": "Dashboard Development",
      "Region": "Asia Pacific",
      "CustomerSegment": "SMB",
      "SalesChannel": "Partner",
      "Quantity": 23,
      "UnitPrice": 500,
      "Cost": 6987.599999999999,
      "Profit": 4658.400000000001
    },
    {
      "Date": "2025-07-14",
      "Revenue": 14771,
      "ProductLine": "Dashboard Development",
      "Region": "Latin America",
      "CustomerSegment": "Enterprise",
      "SalesChannel": "Partner",
      "Quantity": 29,
      "UnitPrice": 500,
      "Cost": 8862.6,
      "Profit": 5908.4
    },
    {
      "Date": "2025-07-14",
      "Revenue": 14565,
      "ProductLine": "Consulting",
      "Region": "North America",
      "CustomerSegment": "Enterprise",
      "SalesChannel": "Partner",
      "Quantity": 29,
      "UnitPrice": 500,
      "Cost": 8739.0,
      "Profit": 5826.0
    },
    {
      "Date": "2025-07-14",
      "Revenue": 11390,
      "ProductLine": "Consulting",
      "Region": "Europe",
      "CustomerSegment": "SMB",
      "SalesChannel": "Partner",
      "Quantity": 22,
      "UnitPrice": 500,
      "Cost": 6834.0,
      "Profit": 4556.0
    },
    {
      "Date": "2025-07-14",
      "Revenue": 13064,
      "ProductLine": "Consulting",
      "Region": "Asia Pacific",
      "CustomerSegment": "Enterprise",
      "SalesChannel": "Partner",
      "Quantity": 26,
      "UnitPrice": 500,
      "Cost": 7838.4,
      "Profit": 5225.6
    },
    {
      "Date": "2025-07-14",
      "Revenue": 11777,
      "ProductLine": "Consulting",
      "Region": "Latin America",
      "CustomerSegment": "SMB",
      "SalesChannel": "Partner",
      "Quantity": 23,
      "UnitPrice": 500,
      "Cost": 7066.2,
      "Profit": 4710.8
    },
    {
      "Date": "2025-07-14",
      "Revenue": 12661,
      "ProductLine": "Training",
      "Region": "North America",
      "CustomerSegment": "Enterprise",
      "SalesChannel": "Partner",
      "Quantity": 25,
      "UnitPrice": 500,
      "Cost": 7596.599999999999,
      "Profit": 5064.400000000001
    },
    {
      "Date": "2025-07-14",
      "Revenue": 12217,
      "ProductLine": "Training",
      "Region": "Europe",
      "CustomerSegment": "Enterprise",
      "SalesChannel": "Partner",
      "Quantity": 24,
      "UnitPrice": 500,
      "Cost": 7330.2,
      "Profit": 4886.8
    },
    {
      "Date": "2025-07-14",
      "Revenue": 12060,
      "ProductLine": "Training",
      "Region": "Asia Pacific",
      "CustomerSegment": "Enterprise",
      "SalesChannel": "Partner",
      "Quantity": 24,
      "UnitPrice": 500,
      "Cost": 7236.0,
      "Profit": 4824.0
    },
    {
      "Date": "2025-07-14",
      "Revenue": 11550,
      "ProductLine": "Training",
      "Region": "Latin America",
      "CustomerSegment": "SMB",
      "SalesChannel": "Partner",
      "Quantity": 23,
      "UnitPrice": 500,
      "Cost": 6930.0,
      "Profit": 4620.0
    },
    {
      "Date": "2025-06-14",
      "Revenue": 15391,
      "ProductLine": "Analytics Services",
      "Region": "North America",
      "CustomerSegment": "Enterprise",
      "SalesChannel": "Direct",
      "Quantity": 30,
      "UnitPrice": 500,
      "Cost": 9234.6,
      "Profit": 6156.4
    },
    {
      "Date": "2025-06-14",
      "Revenue": 14345,
      "ProductLine": "Analytics Services",
      "Region": "Europe",
      "CustomerSegment": "Enterprise",
      "SalesChannel": "Partner",
      "Quantity": 28,
      "UnitPrice": 500,
      "Cost": 8607.0,
      "Profit": 5738.0
    },
    {
      "Date": "2025-06-14",
      "Revenue": 15520,
      "ProductLine": "Analytics Services",
      "Region": "Asia Pacific",
      "CustomerSegment": "Enterprise",
      "SalesChannel": "Direct",
      "Quantity": 31,
      "UnitPrice": 500,
      "Cost": 9312.0,
      "Profit": 6208.0
    },
    {
      "Date": "2025-06-14",
      "Revenue": 12020,
      "ProductLine": "Analytics Services",
      "Region": "Latin America",
      "CustomerSegment": "Enterprise",
      "SalesChannel": "Partner",
      "Quantity": 24,
      "UnitPrice": 500,
      "Cost": 7212.0,
      "Profit": 4808.0
    },
    {
      "Date": "2025-06-14",
      "Revenue": 12897,
      "ProductLine": "Dashboard Development",
      "Region": "North America",
      "CustomerSegment": "Enterprise",
      "SalesChannel": "Partner",
      "Quantity": 25,
      "UnitPrice": 500,
      "Cost": 7738.2,
      "Profit": 5158.8
    },
    {
      "Date": "2025-06-14",
      "Revenue": 13526,
      "ProductLine": "Dashboard Development",
      "Region": "Europe",
      "CustomerSegment": "Enterprise",
      "SalesChannel": "Partner",
      "Quantity": 27,
      "UnitPrice": 500,
      "Cost": 8115.599999999999,
      "Profit": 5410.400000000001
    },
    {
      "Date": "2025-06-14",
      "Revenue": 12646,
      "ProductLine": "Dashboard Development",
      "Region": "Asia Pacific",
      "CustomerSegment": "Enterprise",
      "SalesChannel": "Partner",
      "Quantity": 25,
      "UnitPrice": 500,
      "Cost": 7587.599999999999,
      "Profit": 5058.400000000001
    },
    {
      "Date": "2025-06-14",
      "Revenue": 15771,
      "ProductLine": "Dashboard Development",
      "Region": "Latin America",
      "CustomerSegment": "Enterprise",
      "SalesChannel": "Direct",
      "Quantity": 31,
      "UnitPrice": 500,
      "Cost": 9462.6,
      "Profit": 6308.4
    },
    {
      "Date": "2025-06-14",
      "Revenue": 15565,
      "ProductLine": "Consulting",
      "Region": "North America",
      "CustomerSegment": "Enterprise",
      "SalesChannel": "Direct",
      "Quantity": 31,
      "UnitPrice": 500,
      "Cost": 9339.0,
      "Profit": 6226.0
    },
    {
      "Date": "2025-06-14",
      "Revenue": 12390,
      "ProductLine": "Consulting",
      "Region": "Europe",
      "CustomerSegment": "Enterprise",
      "SalesChannel": "Partner",
      "Quantity": 24,
      "UnitPrice": 500,
      "Cost": 7434.0,
      "Profit": 4956.0
    },
    {
      "Date": "2025-06-14",
      "Revenue": 14064,
      "ProductLine": "Consulting",
      "Region": "Asia Pacific",
      "CustomerSegment": "Enterprise",
      "SalesChannel": "Partner",
      "Quantity": 28,
      "UnitPrice": 500,
      "Cost": 8438.4,
      "Profit": 5625.6
    },
    {
      "Date": "2025-06-14",
      "Revenue": 12777,
      "ProductLine": "Consulting",
      "Region": "Latin America",
      "CustomerSegment": "Enterprise",
      "SalesChannel": "Partner",
      "Quantity": 25,
      "UnitPrice": 500,
      "Cost": 7666.2,
      "Profit": 5110.8
    },
    {
      "Date": "2025-06-14",
      "Revenue": 13661,
      "ProductLine": "Training",
      "Region": "North America",
      "CustomerSegment": "Enterprise",
      "SalesChannel": "Partner",
      "Quantity": 27,
      "UnitPrice": 500,
      "Cost": 8196.6,
      "Profit": 5464.4
    },
    {
      "Date": "2025-06-14",
      "Revenue": 13217,
      "ProductLine": "Training",
      "Region": "Europe",
      "CustomerSegment": "Enterprise",
      "SalesChannel": "Partner",
      "Quantity": 26,
      "UnitPrice": 500,
      "Cost": 7930.2,
      "Profit": 5286.8
    },
    {
      "Date": "2025-06-14",
      "Revenue": 13060,
      "ProductLine": "Training",
      "Region": "Asia Pacific",
      "CustomerSegment": "Enterprise",
      "SalesChannel": "Partner",
      "Quantity": 26,
      "UnitPrice": 500,
      "Cost": 7836.0,
      "Profit": 5224.0
    },
    {
      "Date": "2025-06-14",
      "Revenue": 12550,
      "ProductLine": "Training",
      "Region": "Latin America",
      "CustomerSegment": "Enterprise",
      "SalesChannel": "Partner",
      "Quantity": 25,
      "UnitPrice": 500,
      "Cost": 7530.0,
      "Profit": 5020.0
    },
    {
      "Date": "2025-05-15",
      "Revenue": 16391,
      "ProductLine": "Analytics Services",
      "Region": "North America",
      "CustomerSegment": "Enterprise",
      "SalesChannel": "Direct",
      "Quantity": 32,
      "UnitPrice": 500,
      "Cost": 9834.6,
      "Profit": 6556.4
    },
    {
      "Date": "2025-05-15",
      "Revenue": 15345,
      "ProductLine": "Analytics Services",
      "Region": "Europe",
      "CustomerSegment": "Enterprise",
      "SalesChannel": "Direct",
      "Quantity": 30,
      "UnitPrice": 500,
      "Cost": 9207.0,
      "Profit": 6138.0
    },
    {
      "Date": "2025-05-15",
      "Revenue": 16520,
      "ProductLine": "Analytics Services",
      "Region": "Asia Pacific",
      "CustomerSegment": "Enterprise",
      "SalesChannel": "Direct",
      "Quantity": 33,
      "UnitPrice": 500,
      "Cost": 9912.0,
      "Profit": 6608.0
    },
    {
      "Date": "2025-05-15",
      "Revenue": 13020,
      "ProductLine": "Analytics Services",
      "Region": "Latin America",
      "CustomerSegment": "Enterprise",
      "SalesChannel": "Partner",
      "Quantity": 26,
      "UnitPrice": 500,
      "Cost": 7812.0,
      "Profit": 5208.0
    },
    {
      "Date": "2025-05-15",
      "Revenue": 13897,
      "ProductLine": "Dashboard Development",
      "Region": "North America",
      "CustomerSegment": "Enterprise",
      "SalesChannel": "Partner",
      "Quantity": 27,
      "UnitPrice": 500,
      "Cost": 8338.199999999999,
      "Profit": 5558.800000000001
    },
    {
      "Date": "2025-05-15",
      "Revenue": 14526,
      "ProductLine": "Dashboard Development",
      "Region": "Europe",
      "CustomerSegment": "Enterprise",
      "SalesChannel": "Partner",
      "Quantity": 29,
      "UnitPrice": 500,
      "Cost": 8715.6,
      "Profit": 5810.4
    },
    {
      "Date": "2025-05-15",
      "Revenue": 13646,
      "ProductLine": "Dashboard Development",
      "Region": "Asia Pacific",
      "CustomerSegment": "Enterprise",
      "SalesChannel": "Partner",
      "Quantity": 27,
      "UnitPrice": 500,
      "Cost": 8187.599999999999,
      "Profit": 5458.400000000001
    },
    {
      "Date": "2025-05-15",
      "Revenue": 16771,
      "ProductLine": "Dashboard Development",
      "Region": "Latin America",
      "CustomerSegment": "Enterprise",
      "SalesChannel": "Direct",
      "Quantity": 33,
      "UnitPrice": 500,
      "Cost": 10062.6,
      "Profit": 6708.4
    },
    {
      "Date": "2025-05-15",
      "Revenue": 16565,
      "ProductLine": "Consulting",
      "Region": "North America",
      "CustomerSegment": "Enterprise",
      "SalesChannel": "Direct",
      "Quantity": 33,
      "UnitPrice": 500,
      "Cost": 9939.0,
      "Profit": 6626.0
    },
    {
      "Date": "2025-05-15",
      "Revenue": 13390,
      "ProductLine": "Consulting",
      "Region": "Europe",
      "CustomerSegment": "Enterprise",
      "SalesChannel": "Partner",
      "Quantity": 26,
      "UnitPrice": 500,
      "Cost": 8034.0,
      "Profit": 5356.0
    },
    {
      "Date": "2025-05-15",
      "Revenue": 15064,
      "ProductLine": "Consulting",
      "Region": "Asia Pacific",
      "CustomerSegment": "Enterprise",
      "SalesChannel": "Direct",
      "Quantity": 30,
      "UnitPrice": 500,
      "Cost": 9038.4,
      "Profit": 6025.6
    },
    {
      "Date": "2025-05-15",
      "Revenue": 13777,
      "ProductLine": "Consulting",
      "Region": "Latin America",
      "CustomerSegment": "Enterprise",
      "SalesChannel": "Partner",
      "Quantity": 27,
      "UnitPrice": 500,
      "Cost": 8266.199999999999,
      "Profit": 5510.800000000001
    },
    {
      "Date": "2025-05-15",
      "Revenue": 14661,
      "ProductLine": "Training",
      "Region": "North America",
      "CustomerSegment": "Enterprise",
      "SalesChannel": "Partner",
      "Quantity": 29,
      "UnitPrice": 500,
      "Cost": 8796.6,
      "Profit": 5864.4
    },
    {
      "Date": "2025-05-15",
      "Revenue": 14217,
      "ProductLine": "Training",
      "Region": "Europe",
      "CustomerSegment": "Enterprise",
      "SalesChannel": "Partner",
      "Quantity": 28,
      "UnitPrice": 500,
      "Cost": 8530.199999999999,
      "Profit": 5686.800000000001
    },
    {
      "Date": "2025-05-15",
      "Revenue": 14060,
      "ProductLine": "Training",
      "Region": "Asia Pacific",
      "CustomerSegment": "Enterprise",
      "SalesChannel": "Partner",
      "Quantity": 28,
      "UnitPrice": 500,
      "Cost": 8436.0,
      "Profit": 5624.0
    },
    {
      "Date": "2025-05-15",
      "Revenue": 13550,
      "ProductLine": "Training",
      "Region": "Latin America",
      "CustomerSegment": "Enterprise",
      "SalesChannel": "Partner",
      "Quantity": 27,
      "UnitPrice": 500,
      "Cost": 8130.0,
      "Profit": 5420.0
    },
    {
      "Date": "2025-04-15",
      "Revenue": 17391,
      "ProductLine": "Analytics Services",
      "Region": "North America",
      "CustomerSegment": "Enterprise",
      "SalesChannel": "Direct",
      "Quantity": 34,
      "UnitPrice": 500,
      "Cost": 10434.6,
      "Profit": 6956.4
    },
    {
      "Date": "2025-04-15",
      "Revenue": 16345,
      "ProductLine": "Analytics Services",
      "Region": "Europe",
      "CustomerSegment": "Enterprise",
      "SalesChannel": "Direct",
      "Quantity": 32,
      "UnitPrice": 500,
      "Cost": 9807.0,
      "Profit": 6538.0
    },
    {
      "Date": "2025-04-15",
      "Revenue": 17520,
      "ProductLine": "Analytics Services",
      "Region": "Asia Pacific",
      "CustomerSegment": "Enterprise",
      "SalesChannel": "Direct",
      "Quantity": 35,
      "UnitPrice": 500,
      "Cost": 10512.0,
      "Profit": 7008.0
    },
    {
      "Date": "2025-04-15",
      "Revenue": 14020,
      "ProductLine": "Analytics Services",
      "Region": "Latin America",
      "CustomerSegment": "Enterprise",
      "SalesChannel": "Partner",
      "Quantity": 28,
      "UnitPrice": 500,
      "Cost": 8412.0,
      "Profit": 5608.0
    },
    {
      "Date": "2025-04-15",
      "Revenue": 14897,
      "ProductLine": "Dashboard Development",
      "Region": "North America",
      "CustomerSegment": "Enterprise",
      "SalesChannel": "Partner",
      "Quantity": 29,
      "UnitPrice": 500,
      "Cost": 8938.199999999999,
      "Profit": 5958.800000000001
    },
    {
      "Date": "2025-04-15",
      "Revenue": 15526,
      "ProductLine": "Dashboard Development",
      "Region": "Europe",
      "CustomerSegment": "Enterprise",
      "SalesChannel": "Direct",
      "Quantity": 31,
      "UnitPrice": 500,
      "Cost": 9315.6,
      "Profit": 6210.4
    },
    {
      "Date": "2025-04-15",
      "Revenue": 14646,
      "ProductLine": "Dashboard Development",
      "Region": "Asia Pacific",
      "CustomerSegment": "Enterprise",
      "SalesChannel": "Partner",
      "Quantity": 29,
      "UnitPrice": 500,
      "Cost": 8787.6,
      "Profit": 5858.4
    },
    {
      "Date": "2025-04-15",
      "Revenue": 17771,
      "ProductLine": "Dashboard Development",
      "Region": "Latin America",
      "CustomerSegment": "Enterprise",
      "SalesChannel": "Direct",
      "Quantity": 35,
      "UnitPrice": 500,
      "Cost": 10662.6,
      "Profit": 7108.4
    },
    {
      "Date": "2025-04-15",
      "Revenue": 17565,
      "ProductLine": "Consulting",
      "Region": "North America",
      "CustomerSegment": "Enterprise",
      "SalesChannel": "Direct",
      "Quantity": 35,
      "UnitPrice": 500,
      "Cost": 10539.0,
      "Profit": 7026.0
    },
    {
      "Date": "2025-04-15",
      "Revenue": 14390,
      "ProductLine": "Consulting",
      "Region": "Europe",
      "CustomerSegment": "Enterprise",
      "SalesChannel": "Partner",
      "Quantity": 28,
      "UnitPrice": 500,
      "Cost": 8634.0,
      "Profit": 5756.0
    },
    {
      "Date": "2025-04-15",
      "Revenue": 16064,
      "ProductLine": "Consulting",
      "Region": "Asia Pacific",
      "CustomerSegment": "Enterprise",
      "SalesChannel": "Direct",
      "Quantity": 32,
      "UnitPrice": 500,
      "Cost": 9638.4,
      "Profit": 6425.6
    },
    {
      "Date": "2025-04-15",
      "Revenue": 14777,
      "ProductLine": "Consulting",
      "Region": "Latin America",
      "CustomerSegment": "Enterprise",
      "SalesChannel": "Partner",
      "Quantity": 29,
      "UnitPrice": 500,
      "Cost": 8866.199999999999,
      "Profit": 5910.800000000001
    },
    {
      "Date": "2025-04-15",
      "Revenue": 15661,
      "ProductLine": "Training",
      "Region": "North America",
      "CustomerSegment": "Enterprise",
      "SalesChannel": "Direct",
      "Quantity": 31,
      "UnitPrice": 500,
      "Cost": 9396.6,
      "Profit": 6264.4
    },
    {
      "Date": "2025-04-15",
      "Revenue": 15217,
      "ProductLine": "Training",
      "Region": "Europe",
      "CustomerSegment": "Enterprise",
      "SalesChannel": "Direct",
      "Quantity": 30,
      "UnitPrice": 500,
      "Cost": 9130.199999999999,
      "Profit": 6086.800000000001
    },
    {
      "Date": "2025-04-15",
      "Revenue": 15060,
      "ProductLine": "Training",
      "Region": "Asia Pacific",
      "CustomerSegment": "Enterprise",
      "SalesChannel": "Direct",
      "Quantity": 30,
      "UnitPrice": 500,
      "Cost": 9036.0,
      "Profit": 6024.0
    },
    {
      "Date": "2025-04-15",
      "Revenue": 14550,
      "ProductLine": "Training",
      "Region": "Latin America",
      "CustomerSegment": "Enterprise",
      "SalesChannel": "Partner",
      "Quantity": 29,
      "UnitPrice": 500,
      "Cost": 8730.0,
      "Profit": 5820.0
    },
    {
      "Date": "2025-03-16",
      "Revenue": 18391,
      "ProductLine": "Analytics Services",
      "Region": "North America",
      "CustomerSegment": "Enterprise",
      "SalesChannel": "Direct",
      "Quantity": 36,
      "UnitPrice": 500,
      "Cost": 11034.6,
      "Profit": 7356.4
    },
    {
      "Date": "2025-03-16",
      "Revenue": 17345,
      "ProductLine": "Analytics Services",
      "Region": "Europe",
      "CustomerSegment": "Enterprise",
      "SalesChannel": "Direct",
      "Quantity": 34,
      "UnitPrice": 500,
      "Cost": 10407.0,
      "Profit": 6938.0
    },
    {
      "Date": "2025-03-16",
      "Revenue": 18520,
      "ProductLine": "Analytics Services",
      "Region": "Asia Pacific",
      "CustomerSegment": "Enterprise",
      "SalesChannel": "Direct",
      "Quantity": 37,
      "UnitPrice": 500,
      "Cost": 11112.0,
      "Profit": 7408.0
    },
    {
      "Date": "2025-03-16",
      "Revenue": 15020,
      "ProductLine": "Analytics Services",
      "Region": "Latin America",
      "CustomerSegment": "Enterprise",
      "SalesChannel": "Direct",
      "Quantity": 30,
      "UnitPrice": 500,
      "Cost": 9012.0,
      "Profit": 6008.0
    },
    {
      "Date": "2025-03-16",
      "Revenue": 15897,
      "ProductLine": "Dashboard Development",
      "Region": "North America",
      "CustomerSegment": "Enterprise",
      "SalesChannel": "Direct",
      "Quantity": 31,
      "UnitPrice": 500,
      "Cost": 9538.199999999999,
      "Profit": 6358.800000000001
    },
    {
      "Date": "2025-03-16",
      "Revenue": 16526,
      "ProductLine": "Dashboard Development",
      "Region": "Europe",
      "CustomerSegment": "Enterprise",
      "SalesChannel": "Direct",
      "Quantity": 33,
      "UnitPrice": 500,
      "Cost": 9915.6,
      "Profit": 6610.4
    },
    {
      "Date": "2025-03-16",
      "Revenue": 15646,
      "ProductLine": "Dashboard Development",
      "Region": "Asia Pacific",
      "CustomerSegment": "Enterprise",
      "SalesChannel": "Direct",
      "Quantity": 31,
      "UnitPrice": 500,
      "Cost": 9387.6,
      "Profit": 6258.4
    },
    {
      "Date": "2025-03-16",
      "Revenue": 18771,
      "ProductLine": "Dashboard Development",
      "Region": "Latin America",
      "CustomerSegment": "Enterprise",
      "SalesChannel": "Direct",
      "Quantity": 37,
      "UnitPrice": 500,
      "Cost": 11262.6,
      "Profit": 7508.4
    },
    {
      "Date": "2025-03-16",
      "Revenue": 18565,
      "ProductLine": "Consulting",
      "Region": "North America",
      "CustomerSegment": "Enterprise",
      "SalesChannel": "Direct",
      "Quantity": 37,
      "UnitPrice": 500,
      "Cost": 11139.0,
      "Profit": 7426.0
    },
    {
      "Date": "2025-03-16",
      "Revenue": 15390,
      "ProductLine": "Consulting",
      "Region": "Europe",
      "CustomerSegment": "Enterprise",
      "SalesChannel": "Direct",
      "Quantity": 30,
      "UnitPrice": 500,
      "Cost": 9234.0,
      "Profit": 6156.0
    },
    {
      "Date": "2025-03-16",
      "Revenue": 17064,
      "ProductLine": "Consulting",
      "Region": "Asia Pacific",
      "CustomerSegment": "Enterprise",
      "SalesChannel": "Direct",
      "Quantity": 34,
      "UnitPrice": 500,
      "Cost": 10238.4,
      "Profit": 6825.6
    },
    {
      "Date": "2025-03-16",
      "Revenue": 15777,
      "ProductLine": "Consulting",
      "Region": "Latin America",
      "CustomerSegment": "Enterprise",
      "SalesChannel": "Direct",
      "Quantity": 31,
      "UnitPrice": 500,
      "Cost": 9466.199999999999,
      "Profit": 6310.800000000001
    },
    {
      "Date": "2025-03-16",
      "Revenue": 16661,
      "ProductLine": "Training",
      "Region": "North America",
      "CustomerSegment": "Enterprise",
      "SalesChannel": "Direct",
      "Quantity": 33,
      "UnitPrice": 500,
      "Cost": 9996.6,
      "Profit": 6664.4
    },
    {
      "Date": "2025-03-16",
      "Revenue": 16217,
      "ProductLine": "Training",
      "Region": "Europe",
      "CustomerSegment": "Enterprise",
      "SalesChannel": "Direct",
      "Quantity": 32,
      "UnitPrice": 500,
      "Cost": 9730.199999999999,
      "Profit": 6486.800000000001
    },
    {
      "Date": "2025-03-16",
      "Revenue": 16060,
      "ProductLine": "Training",
      "Region": "Asia Pacific",
      "CustomerSegment": "Enterprise",
      "SalesChannel": "Direct",
      "Quantity": 32,
      "UnitPrice": 500,
      "Cost": 9636.0,
      "Profit": 6424.0
    },
    {
      "Date": "2025-03-16",
      "Revenue": 15550,
      "ProductLine": "Training",
      "Region": "Latin America",
      "CustomerSegment": "Enterprise",
      "SalesChannel": "Direct",
      "Quantity": 31,
      "UnitPrice": 500,
      "Cost": 9330.0,
      "Profit": 6220.0
    },
    {
      "Date": "2025-02-14",
      "Revenue": 19391,
      "ProductLine": "Analytics Services",
      "Region": "North America",
      "CustomerSegment": "Enterprise",
      "SalesChannel": "Direct",
      "Quantity": 38,
      "UnitPrice": 500,
      "Cost": 11634.6,
      "Profit": 7756.4
    },
    {
      "Date": "2025-02-14",
      "Revenue": 18345,
      "ProductLine": "Analytics Services",
      "Region": "Europe",
      "CustomerSegment": "Enterprise",
      "SalesChannel": "Direct",
      "Quantity": 36,
      "UnitPrice": 500,
      "Cost": 11007.0,
      "Profit": 7338.0
    },
    {
      "Date": "2025-02-14",
      "Revenue": 19520,
      "ProductLine": "Analytics Services",
      "Region": "Asia Pacific",
      "CustomerSegment": "Enterprise",
      "SalesChannel": "Direct",
      "Quantity": 39,
      "UnitPrice": 500,
      "Cost": 11712.0,
      "Profit": 7808.0
    },
    {
      "Date": "2025-02-14",
      "Revenue": 16020,
      "ProductLine": "Analytics Services",
      "Region": "Latin America",
      "CustomerSegment": "Enterprise",
      "SalesChannel": "Direct",
      "Quantity": 32,
      "UnitPrice": 500,
      "Cost": 9612.0,
      "Profit": 6408.0
    },
    {
      "Date": "2025-02-14",
      "Revenue": 16897,
      "ProductLine": "Dashboard Development",
      "Region": "North America",
      "CustomerSegment": "Enterprise",
      "SalesChannel": "Direct",
      "Quantity": 33,
      "UnitPrice": 500,
      "Cost": 10138.199999999999,
      "Profit": 6758.800000000001
    },
    {
      "Date": "2025-02-14",
      "Revenue": 17526,
      "ProductLine": "Dashboard Development",
      "Region": "Europe",
      "CustomerSegment": "Enterprise",
      "SalesChannel": "Direct",
      "Quantity": 35,
      "UnitPrice": 500,
      "Cost": 10515.6,
      "Profit": 7010.4
    },
    {
      "Date": "2025-02-14",
      "Revenue": 16646,
      "ProductLine": "Dashboard Development",
      "Region": "Asia Pacific",
      "CustomerSegment": "Enterprise",
      "SalesChannel": "Direct",
      "Quantity": 33,
      "UnitPrice": 500,
      "Cost": 9987.6,
      "Profit": 6658.4
    },
    {
      "Date": "2025-02-14",
      "Revenue": 19771,
      "ProductLine": "Dashboard Development",
      "Region": "Latin America",
      "CustomerSegment": "Enterprise",
      "SalesChannel": "Direct",
      "Quantity": 39,
      "UnitPrice": 500,
      "Cost": 11862.6,
      "Profit": 7908.4
    },
    {
      "Date": "2025-02-14",
      "Revenue": 19565,
      "ProductLine": "Consulting",
      "Region": "North America",
      "CustomerSegment": "Enterprise",
      "SalesChannel": "Direct",
      "Quantity": 39,
      "UnitPrice": 500,
      "Cost": 11739.0,
      "Profit": 7826.0
    },
    {
      "Date": "2025-02-14",
      "Revenue": 16390,
      "ProductLine": "Consulting",
      "Region": "Europe",
      "CustomerSegment": "Enterprise",
      "SalesChannel": "Direct",
      "Quantity": 32,
      "UnitPrice": 500,
      "Cost": 9834.0,
      "Profit": 6556.0
    },
    {
      "Date": "2025-02-14",
      "Revenue": 18064,
      "ProductLine": "Consulting",
      "Region": "Asia Pacific",
      "CustomerSegment": "Enterprise",
      "SalesChannel": "Direct",
      "Quantity": 36,
      "UnitPrice": 500,
      "Cost": 10838.4,
      "Profit": 7225.6
    },
    {
      "Date": "2025-02-14",
      "Revenue": 16777,
      "ProductLine": "Consulting",
      "Region": "Latin America",
      "CustomerSegment": "Enterprise",
      "SalesChannel": "Direct",
      "Quantity": 33,
      "UnitPrice": 500,
      "Cost": 10066.199999999999,
      "Profit": 6710.800000000001
    },
    {
      "Date": "2025-02-14",
      "Revenue": 17661,
      "ProductLine": "Training",
      "Region": "North America",
      "CustomerSegment": "Enterprise",
      "SalesChannel": "Direct",
      "Quantity": 35,
      "UnitPrice": 500,
      "Cost": 10596.6,
      "Profit": 7064.4
    },
    {
      "Date": "2025-02-14",
      "Revenue": 17217,
      "ProductLine": "Training",
      "Region": "Europe",
      "CustomerSegment": "Enterprise",
      "SalesChannel": "Direct",
      "Quantity": 34,
      "UnitPrice": 500,
      "Cost": 10330.199999999999,
      "Profit": 6886.800000000001
    },
    {
      "Date": "2025-02-14",
      "Revenue": 17060,
      "ProductLine": "Training",
      "Region": "Asia Pacific",
      "CustomerSegment": "Enterprise",
      "SalesChannel": "Direct",
      "Quantity": 34,
      "UnitPrice": 500,
      "Cost": 10236.0,
      "Profit": 6824.0
    },
    {
      "Date": "2025-02-14",
      "Revenue": 16550,
      "ProductLine": "Training",
      "Region": "Latin America",
      "CustomerSegment": "Enterprise",
      "SalesChannel": "Direct",
      "Quantity": 33,
      "UnitPrice": 500,
      "Cost": 9930.0,
      "Profit": 6620.0
    },
    {
      "Date": "2025-01-15",
      "Revenue": 20391,
      "ProductLine": "Analytics Services",
      "Region": "North America",
      "CustomerSegment": "Enterprise",
      "SalesChannel": "Direct",
      "Quantity": 40,
      "UnitPrice": 500,
      "Cost": 12234.6,
      "Profit": 8156.4
    },
    {
      "Date": "2025-01-15",
      "Revenue": 19345,
      "ProductLine": "Analytics Services",
      "Region": "Europe",
      "CustomerSegment": "Enterprise",
      "SalesChannel": "Direct",
      "Quantity": 38,
      "UnitPrice": 500,
      "Cost": 11607.0,
      "Profit": 7738.0
    },
    {
      "Date": "2025-01-15",
      "Revenue": 20520,
      "ProductLine": "Analytics Services",
      "Region": "Asia Pacific",
      "CustomerSegment": "Enterprise",
      "SalesChannel": "Direct",
      "Quantity": 41,
      "UnitPrice": 500,
      "Cost": 12312.0,
      "Profit": 8208.0
    },
    {
      "Date": "2025-01-15",
      "Revenue": 17020,
      "ProductLine": "Analytics Services",
      "Region": "Latin America",
      "CustomerSegment": "Enterprise",
      "SalesChannel": "Direct",
      "Quantity": 34,
      "UnitPrice": 500,
      "Cost": 10212.0,
      "Profit": 6808.0
    },
    {
      "Date": "2025-01-15",
      "Revenue": 17897,
      "ProductLine": "Dashboard Development",
      "Region": "North America",
      "CustomerSegment": "Enterprise",
      "SalesChannel": "Direct",
      "Quantity": 35,
      "UnitPrice": 500,
      "Cost": 10738.199999999999,
      "Profit": 7158.800000000001
    },
    {
      "Date": "2025-01-15",
      "Revenue": 18526,
      "ProductLine": "Dashboard Development",
      "Region": "Europe",
      "CustomerSegment": "Enterprise",
      "SalesChannel": "Direct",
      "Quantity": 37,
      "UnitPrice": 500,
      "Cost": 11115.6,
      "Profit": 7410.4
    },
    {
      "Date": "2025-01-15",
      "Revenue": 17646,
      "ProductLine": "Dashboard Development",
      "Region": "Asia Pacific",
      "CustomerSegment": "Enterprise",
      "SalesChannel": "Direct",
      "Quantity": 35,
      "UnitPrice": 500,
      "Cost": 10587.6,
      "Profit": 7058.4
    },
    {
      "Date": "2025-01-15",
      "Revenue": 20771,
      "ProductLine": "Dashboard Development",
      "Region": "Latin America",
      "CustomerSegment": "Enterprise",
      "SalesChannel": "Direct",
      "Quantity": 41,
      "UnitPrice": 500,
      "Cost": 12462.6,
      "Profit": 8308.4
    },
    {
      "Date": "2025-01-15",
      "Revenue": 20565,
      "ProductLine": "Consulting",
      "Region": "North America",
      "CustomerSegment": "Enterprise",
      "SalesChannel": "Direct",
      "Quantity": 41,
      "UnitPrice": 500,
      "Cost": 12339.0,
      "Profit": 8226.0
    },
    {
      "Date": "2025-01-15",
      "Revenue": 17390,
      "ProductLine": "Consulting",
      "Region": "Europe",
      "CustomerSegment": "Enterprise",
      "SalesChannel": "Direct",
      "Quantity": 34,
      "UnitPrice": 500,
      "Cost": 10434.0,
      "Profit": 6956.0
    },
    {
      "Date": "2025-01-15",
      "Revenue": 19064,
      "ProductLine": "Consulting",
      "Region": "Asia Pacific",
      "CustomerSegment": "Enterprise",
      "SalesChannel": "Direct",
      "Quantity": 38,
      "UnitPrice": 500,
      "Cost": 11438.4,
      "Profit": 7625.6
    },
    {
      "Date": "2025-01-15",
      "Revenue": 17777,
      "ProductLine": "Consulting",
      "Region": "Latin America",
      "CustomerSegment": "Enterprise",
      "SalesChannel": "Direct",
      "Quantity": 35,
      "UnitPrice": 500,
      "Cost": 10666.199999999999,
      "Profit": 7110.800000000001
    },
    {
      "Date": "2025-01-15",
      "Revenue": 18661,
      "ProductLine": "Training",
      "Region": "North America",
      "CustomerSegment": "Enterprise",
      "SalesChannel": "Direct",
      "Quantity": 37,
      "UnitPrice": 500,
      "Cost": 11196.6,
      "Profit": 7464.4
    },
    {
      "Date": "2025-01-15",
      "Revenue": 18217,
      "ProductLine": "Training",
      "Region": "Europe",
      "CustomerSegment": "Enterprise",
      "SalesChannel": "Direct",
      "Quantity": 36,
      "UnitPrice": 500,
      "Cost": 10930.199999999999,
      "Profit": 7286.800000000001
    },
    {
      "Date": "2025-01-15",
      "Revenue": 18060,
      "ProductLine": "Training",
      "Region": "Asia Pacific",
      "CustomerSegment": "Enterprise",
      "SalesChannel": "Direct",
      "Quantity": 36,
      "UnitPrice": 500,
      "Cost": 10836.0,
      "Profit": 7224.0
    },
    {
      "Date": "2025-01-15",
      "Revenue": 17550,
      "ProductLine": "Training",
      "Region": "Latin America",
      "CustomerSegment": "Enterprise",
      "SalesChannel": "Direct",
      "Quantity": 35,
      "UnitPrice": 500,
      "Cost": 10530.0,
      "Profit": 7020.0
    },
    {
      "Date": "2024-12-16",
      "Revenue": 21391,
      "ProductLine": "Analytics Services",
      "Region": "North America",
      "CustomerSegment": "Enterprise",
      "SalesChannel": "Direct",
      "Quantity": 42,
      "UnitPrice": 500,
      "Cost": 12834.6,
      "Profit": 8556.4
    },
    {
      "Date": "2024-12-16",
      "Revenue": 20345,
      "ProductLine": "Analytics Services",
      "Region": "Europe",
      "CustomerSegment": "Enterprise",
      "SalesChannel": "Direct",
      "Quantity": 40,
      "UnitPrice": 500,
      "Cost": 12207.0,
      "Profit": 8138.0
    },
    {
      "Date": "2024-12-16",
      "Revenue": 21520,
      "ProductLine": "Analytics Services",
      "Region": "Asia Pacific",
      "CustomerSegment": "Enterprise",
      "SalesChannel": "Direct",
      "Quantity": 43,
      "UnitPrice": 500,
      "Cost": 12912.0,
      "Profit": 8608.0
    },
    {
      "Date": "2024-12-16",
      "Revenue": 18020,
      "ProductLine": "Analytics Services",
      "Region": "Latin America",
      "CustomerSegment": "Enterprise",
      "SalesChannel": "Direct",
      "Quantity": 36,
      "UnitPrice": 500,
      "Cost": 10812.0,
      "Profit": 7208.0
    },
    {
      "Date": "2024-12-16",
      "Revenue": 18897,
      "ProductLine": "Dashboard Development",
      "Region": "North America",
      "CustomerSegment": "Enterprise",
      "SalesChannel": "Direct",
      "Quantity": 37,
      "UnitPrice": 500,
      "Cost": 11338.199999999999,
      "Profit": 7558.800000000001
    },
    {
      "Date": "2024-12-16",
      "Revenue": 19526,
      "ProductLine": "Dashboard Development",
      "Region": "Europe",
      "CustomerSegment": "Enterprise",
      "SalesChannel": "Direct",
      "Quantity": 39,
      "UnitPrice": 500,
      "Cost": 11715.6,
      "Profit": 7810.4
    },
    {
      "Date": "2024-12-16",
      "Revenue": 18646,
      "ProductLine": "Dashboard Development",
      "Region": "Asia Pacific",
      "CustomerSegment": "Enterprise",
      "SalesChannel": "Direct",
      "Quantity": 37,
      "UnitPrice": 500,
      "Cost": 11187.6,
      "Profit": 7458.4
    },
    {
      "Date": "2024-12-16",
      "Revenue": 21771,
      "ProductLine": "Dashboard Development",
      "Region": "Latin America",
      "CustomerSegment": "Enterprise",
      "SalesChannel": "Direct",
      "Quantity": 43,
      "UnitPrice": 500,
      "Cost": 13062.6,
      "Profit": 8708.4
    },
    {
      "Date": "2024-12-16",
      "Revenue": 21565,
      "ProductLine": "Consulting",
      "Region": "North America",
      "CustomerSegment": "Enterprise",
      "SalesChannel": "Direct",
      "Quantity": 43,
      "UnitPrice": 500,
      "Cost": 12939.0,
      "Profit": 8626.0
    },
    {
      "Date": "2024-12-16",
      "Revenue": 18390,
      "ProductLine": "Consulting",
      "Region": "Europe",
      "CustomerSegment": "Enterprise",
      "SalesChannel": "Direct",
      "Quantity": 36,
      "UnitPrice": 500,
      "Cost": 11034.0,
      "Profit": 7356.0
    },
    {
      "Date": "2024-12-16",
      "Revenue": 20064,
      "ProductLine": "Consulting",
      "Region": "Asia Pacific",
      "CustomerSegment": "Enterprise",
      "SalesChannel": "Direct",
      "Quantity": 40,
      "UnitPrice": 500,
      "Cost": 12038.4,
      "Profit": 8025.6
    },
    {
      "Date": "2024-12-16",
      "Revenue": 18777,
      "ProductLine": "Consulting",
      "Region": "Latin America",
      "CustomerSegment": "Enterprise",
      "SalesChannel": "Direct",
      "Quantity": 37,
      "UnitPrice": 500,
      "Cost": 11266.199999999999,
      "Profit": 7510.800000000001
    },
    {
      "Date": "2024-12-16",
      "Revenue": 19661,
      "ProductLine": "Training",
      "Region": "North America",
      "CustomerSegment": "Enterprise",
      "SalesChannel": "Direct",
      "Quantity": 39,
      "UnitPrice": 500,
      "Cost": 11796.6,
      "Profit": 7864.4
    },
    {
      "Date": "2024-12-16",
      "Revenue": 19217,
      "ProductLine": "Training",
      "Region": "Europe",
      "CustomerSegment": "Enterprise",
      "SalesChannel": "Direct",
      "Quantity": 38,
      "UnitPrice": 500,
      "Cost": 11530.199999999999,
      "Profit": 7686.800000000001
    },
    {
      "Date": "2024-12-16",
      "Revenue": 19060,
      "ProductLine": "Training",
      "Region": "Asia Pacific",
      "CustomerSegment": "Enterprise",
      "SalesChannel": "Direct",
      "Quantity": 38,
      "UnitPrice": 500,
      "Cost": 11436.0,
      "Profit": 7624.0
    },
    {
      "Date": "2024-12-16",
      "Revenue": 18550,
      "ProductLine": "Training",
      "Region": "Latin America",
      "CustomerSegment": "Enterprise",
      "SalesChannel": "Direct",
      "Quantity": 37,
      "UnitPrice": 500,
      "Cost": 11130.0,
      "Profit": 7420.0
    },
    {
      "Date": "2024-11-16",
      "Revenue": 22391,
      "ProductLine": "Analytics Services",
      "Region": "North America",
      "CustomerSegment": "Enterprise",
      "SalesChannel": "Direct",
      "Quantity": 44,
      "UnitPrice": 500,
      "Cost": 13434.6,
      "Profit": 8956.4
    },
    {
      "Date": "2024-11-16",
      "Revenue": 21345,
      "ProductLine": "Analytics Services",
      "Region": "Europe",
      "CustomerSegment": "Enterprise",
      "SalesChannel": "Direct",
      "Quantity": 42,
      "UnitPrice": 500,
      "Cost": 12807.0,
      "Profit": 8538.0
    },
    {
      "Date": "2024-11-16",
      "Revenue": 22520,
      "ProductLine": "Analytics Services",
      "Region": "Asia Pacific",
      "CustomerSegment": "Enterprise",
      "SalesChannel": "Direct",
      "Quantity": 45,
      "UnitPrice": 500,
      "Cost": 13512.0,
      "Profit": 9008.0
    },
    {
      "Date": "2024-11-16",
      "Revenue": 19020,
      "ProductLine": "Analytics Services",
      "Region": "Latin America",
      "CustomerSegment": "Enterprise",
      "SalesChannel": "Direct",
      "Quantity": 38,
      "UnitPrice": 500,
      "Cost": 11412.0,
      "Profit": 7608.0
    },
    {
      "Date": "2024-11-16",
      "Revenue": 19897,
      "ProductLine": "Dashboard Development",
      "Region": "North America",
      "CustomerSegment": "Enterprise",
      "SalesChannel": "Direct",
      "Quantity": 39,
      "UnitPrice": 500,
      "Cost": 11938.199999999999,
      "Profit": 7958.800000000001
    },
    {
      "Date": "2024-11-16",
      "Revenue": 20526,
      "ProductLine": "Dashboard Development",
      "Region": "Europe",
      "CustomerSegment": "Enterprise",
      "SalesChannel": "Direct",
      "Quantity": 41,
      "UnitPrice": 500,
      "Cost": 12315.6,
      "Profit": 8210.4
    },
    {
      "Date": "2024-11-16",
      "Revenue": 19646,
      "ProductLine": "Dashboard Development",
      "Region": "Asia Pacific",
      "CustomerSegment": "Enterprise",
      "SalesChannel": "Direct",
      "Quantity": 39,
      "UnitPrice": 500,
      "Cost": 11787.6,
      "Profit": 7858.4
    },
    {
      "Date": "2024-11-16",
      "Revenue": 22771,
      "ProductLine": "Dashboard Development",
      "Region": "Latin America",
      "CustomerSegment": "Enterprise",
      "SalesChannel": "Direct",
      "Quantity": 45,
      "UnitPrice": 500,
      "Cost": 13662.6,
      "Profit": 9108.4
    },
    {
      "Date": "2024-11-16",
      "Revenue": 22565,
      "ProductLine": "Consulting",
      "Region": "North America",
      "CustomerSegment": "Enterprise",
      "SalesChannel": "Direct",
      "Quantity": 45,
      "UnitPrice": 500,
      "Cost": 13539.0,
      "Profit": 9026.0
    },
    {
      "Date": "2024-11-16",
      "Revenue": 19390,
      "ProductLine": "Consulting",
      "Region": "Europe",
      "CustomerSegment": "Enterprise",
      "SalesChannel": "Direct",
      "Quantity": 38,
      "UnitPrice": 500,
      "Cost": 11634.0,
      "Profit": 7756.0
    },
    {
      "Date": "2024-11-16",
      "Revenue": 21064,
      "ProductLine": "Consulting",
      "Region": "Asia Pacific",
      "CustomerSegment": "Enterprise",
      "SalesChannel": "Direct",
      "Quantity": 42,
      "UnitPrice": 500,
      "Cost": 12638.4,
      "Profit": 8425.6
    },
    {
      "Date": "2024-11-16",
      "Revenue": 19777,
      "ProductLine": "Consulting",
      "Region": "Latin America",
      "CustomerSegment": "Enterprise",
      "SalesChannel": "Direct",
      "Quantity": 39,
      "UnitPrice": 500,
      "Cost": 11866.199999999999,
      "Profit": 7910.800000000001
    },
    {
      "Date": "2024-11-16",
      "Revenue": 20661,
      "ProductLine": "Training",
      "Region": "North America",
      "CustomerSegment": "Enterprise",
      "SalesChannel": "Direct",
      "Quantity": 41,
      "UnitPrice": 500,
      "Cost": 12396.6,
      "Profit": 8264.4
    },
    {
      "Date": "2024-11-16",
      "Revenue": 20217,
      "ProductLine": "Training",
      "Region": "Europe",
      "CustomerSegment": "Enterprise",
      "SalesChannel": "Direct",
      "Quantity": 40,
      "UnitPrice": 500,
      "Cost": 12130.199999999999,
      "Profit": 8086.800000000001
    },
    {
      "Date": "2024-11-16",
      "Revenue": 20060,
      "ProductLine": "Training",
      "Region": "Asia Pacific",
      "CustomerSegment": "Enterprise",
      "SalesChannel": "Direct",
      "Quantity": 40,
      "UnitPrice": 500,
      "Cost": 12036.0,
      "Profit": 8024.0
    },
    {
      "Date": "2024-11-16",
      "Revenue": 19550,
      "ProductLine": "Training",
      "Region": "Latin America",
      "CustomerSegment": "Enterprise",
      "SalesChannel": "Direct",
      "Quantity": 39,
      "UnitPrice": 500,
      "Cost": 11730.0,
      "Profit": 7820.0
    },
    {
      "Date": "2024-10-17",
      "Revenue": 23391,
      "ProductLine": "Analytics Services",
      "Region": "North America",
      "CustomerSegment": "Enterprise",
      "SalesChannel": "Direct",
      "Quantity": 46,
      "UnitPrice": 500,
      "Cost": 14034.6,
      "Profit": 9356.4
    },
    {
      "Date": "2024-10-17",
      "Revenue": 22345,
      "ProductLine": "Analytics Services",
      "Region": "Europe",
      "CustomerSegment": "Enterprise",
      "SalesChannel": "Direct",
      "Quantity": 44,
      "UnitPrice": 500,
      "Cost": 13407.0,
      "Profit": 8938.0
    },
    {
      "Date": "2024-10-17",
      "Revenue": 23520,
      "ProductLine": "Analytics Services",
      "Region": "Asia Pacific",
      "CustomerSegment": "Enterprise",
      "SalesChannel": "Direct",
      "Quantity": 47,
      "UnitPrice": 500,
      "Cost": 14112.0,
      "Profit": 9408.0
    },
    {
      "Date": "2024-10-17",
      "Revenue": 20020,
      "ProductLine": "Analytics Services",
      "Region": "Latin America",
      "CustomerSegment": "Enterprise",
      "SalesChannel": "Direct",
      "Quantity": 40,
      "UnitPrice": 500,
      "Cost": 12012.0,
      "Profit": 8008.0
    },
    {
      "Date": "2024-10-17",
      "Revenue": 20897,
      "ProductLine": "Dashboard Development",
      "Region": "North America",
      "CustomerSegment": "Enterprise",
      "SalesChannel": "Direct",
      "Quantity": 41,
      "UnitPrice": 500,
      "Cost": 12538.199999999999,
      "Profit": 8358.800000000001
    },
    {
      "Date": "2024-10-17",
      "Revenue": 21526,
      "ProductLine": "Dashboard Development",
      "Region": "Europe",
      "CustomerSegment": "Enterprise",
      "SalesChannel": "Direct",
      "Quantity": 43,
      "UnitPrice": 500,
      "Cost": 12915.6,
      "Profit": 8610.4
    },
    {
      "Date": "2024-10-17",
      "Revenue": 20646,
      "ProductLine": "Dashboard Development",
      "Region": "Asia Pacific",
      "CustomerSegment": "Enterprise",
      "SalesChannel": "Direct",
      "Quantity": 41,
      "UnitPrice": 500,
      "Cost": 12387.6,
      "Profit": 8258.4
    },
    {
      "Date": "2024-10-17",
      "Revenue": 23771,
      "ProductLine": "Dashboard Development",
      "Region": "Latin America",
      "CustomerSegment": "Enterprise",
      "SalesChannel": "Direct",
      "Quantity": 47,
      "UnitPrice": 500,
      "Cost": 14262.6,
      "Profit": 9508.4
    },
    {
      "Date": "2024-10-17",
      "Revenue": 23565,
      "ProductLine": "Consulting",
      "Region": "North America",
      "CustomerSegment": "Enterprise",
      "SalesChannel": "Direct",
      "Quantity": 47,
      "UnitPrice": 500,
      "Cost": 14139.0,
      "Profit": 9426.0
    },
    {
      "Date": "2024-10-17",
      "Revenue": 20390,
      "ProductLine": "Consulting",
      "Region": "Europe",
      "CustomerSegment": "Enterprise",
      "SalesChannel": "Direct",
      "Quantity": 40,
      "UnitPrice": 500,
      "Cost": 12234.0,
      "Profit": 8156.0
    },
    {
      "Date": "2024-10-17",
      "Revenue": 22064,
      "ProductLine": "Consulting",
      "Region": "Asia Pacific",
      "CustomerSegment": "Enterprise",
      "SalesChannel": "Direct",
      "Quantity": 44,
      "UnitPrice": 500,
      "Cost": 13238.4,
      "Profit": 8825.6
    },
    {
      "Date": "2024-10-17",
      "Revenue": 20777,
      "ProductLine": "Consulting",
      "Region": "Latin America",
      "CustomerSegment": "Enterprise",
      "SalesChannel": "Direct",
      "Quantity": 41,
      "UnitPrice": 500,
      "Cost": 12466.199999999999,
      "Profit": 8310.800000000001
    },
    {
      "Date": "2024-10-17",
      "Revenue": 21661,
      "ProductLine": "Training",
      "Region": "North America",
      "CustomerSegment": "Enterprise",
      "SalesChannel": "Direct",
      "Quantity": 43,
      "UnitPrice": 500,
      "Cost": 12996.6,
      "Profit": 8664.4
    },
    {
      "Date": "2024-10-17",
      "Revenue": 21217,
      "ProductLine": "Training",
      "Region": "Europe",
      "CustomerSegment": "Enterprise",
      "SalesChannel": "Direct",
      "Quantity": 42,
      "UnitPrice": 500,
      "Cost": 12730.199999999999,
      "Profit": 8486.800000000001
    },
    {
      "Date": "2024-10-17",
      "Revenue": 21060,
      "ProductLine": "Training",
      "Region": "Asia Pacific",
      "CustomerSegment": "Enterprise",
      "SalesChannel": "Direct",
      "Quantity": 42,
      "UnitPrice": 500,
      "Cost": 12636.0,
      "Profit": 8424.0
    },
    {
      "Date": "2024-10-17",
      "Revenue": 20550,
      "ProductLine": "Training",
      "Region": "Latin America",
      "CustomerSegment": "Enterprise",
      "SalesChannel": "Direct",
      "Quantity": 41,
      "UnitPrice": 500,
      "Cost": 12330.0,
      "Profit": 8220.0
    },
    {
      "Date": "2024-09-17",
      "Revenue": 24391,
      "ProductLine": "Analytics Services",
      "Region": "North America",
      "CustomerSegment": "Enterprise",
      "SalesChannel": "Direct",
      "Quantity": 48,
      "UnitPrice": 500,
      "Cost": 14634.6,
      "Profit": 9756.4
    },
    {
      "Date": "2024-09-17",
      "Revenue": 23345,
      "ProductLine": "Analytics Services",
      "Region": "Europe",
      "CustomerSegment": "Enterprise",
      "SalesChannel": "Direct",
      "Quantity": 46,
      "UnitPrice": 500,
      "Cost": 14007.0,
      "Profit": 9338.0
    },
    {
      "Date": "2024-09-17",
      "Revenue": 24520,
      "ProductLine": "Analytics Services",
      "Region": "Asia Pacific",
      "CustomerSegment": "Enterprise",
      "SalesChannel": "Direct",
      "Quantity": 49,
      "UnitPrice": 500,
      "Cost": 14712.0,
      "Profit": 9808.0
    },
    {
      "Date": "2024-09-17",
      "Revenue": 21020,
      "ProductLine": "Analytics Services",
      "Region": "Latin America",
      "CustomerSegment": "Enterprise",
      "SalesChannel": "Direct",
      "Quantity": 42,
      "UnitPrice": 500,
      "Cost": 12612.0,
      "Profit": 8408.0
    },
    {
      "Date": "2024-09-17",
      "Revenue": 21897,
      "ProductLine": "Dashboard Development",
      "Region": "North America",
      "CustomerSegment": "Enterprise",
      "SalesChannel": "Direct",
      "Quantity": 43,
      "UnitPrice": 500,
      "Cost": 13138.199999999999,
      "Profit": 8758.800000000001
    },
    {
      "Date": "2024-09-17",
      "Revenue": 22526,
      "ProductLine": "Dashboard Development",
      "Region": "Europe",
      "CustomerSegment": "Enterprise",
      "SalesChannel": "Direct",
      "Quantity": 45,
      "UnitPrice": 500,
      "Cost": 13515.6,
      "Profit": 9010.4
    },
    {
      "Date": "2024-09-17",
      "Revenue": 21646,
      "ProductLine": "Dashboard Development",
      "Region": "Asia Pacific",
      "CustomerSegment": "Enterprise",
      "SalesChannel": "Direct",
      "Quantity": 43,
      "UnitPrice": 500,
      "Cost": 12987.6,
      "Profit": 8658.4
    },
    {
      "Date": "2024-09-17",
      "Revenue": 24771,
      "ProductLine": "Dashboard Development",
      "Region": "Latin America",
      "CustomerSegment": "Enterprise",
      "SalesChannel": "Direct",
      "Quantity": 49,
      "UnitPrice": 500,
      "Cost": 14862.599999999999,
      "Profit": 9908.400000000001
    },
    {
      "Date": "2024-09-17",
      "Revenue": 24565,
      "ProductLine": "Consulting",
      "Region": "North America",
      "CustomerSegment": "Enterprise",
      "SalesChannel": "Direct",
      "Quantity": 49,
      "UnitPrice": 500,
      "Cost": 14739.0,
      "Profit": 9826.0
    },
    {
      "Date": "2024-09-17",
      "Revenue": 21390,
      "ProductLine": "Consulting",
      "Region": "Europe",
      "CustomerSegment": "Enterprise",
      "SalesChannel": "Direct",
      "Quantity": 42,
      "UnitPrice": 500,
      "Cost": 12834.0,
      "Profit": 8556.0
    },
    {
      "Date": "2024-09-17",
      "Revenue": 23064,
      "ProductLine": "Consulting",
      "Region": "Asia Pacific",
      "CustomerSegment": "Enterprise",
      "SalesChannel": "Direct",
      "Quantity": 46,
      "UnitPrice": 500,
      "Cost": 13838.4,
      "Profit": 9225.6
    },
    {
      "Date": "2024-09-17",
      "Revenue": 21777,
      "ProductLine": "Consulting",
      "Region": "Latin America",
      "CustomerSegment": "Enterprise",
      "SalesChannel": "Direct",
      "Quantity": 43,
      "UnitPrice": 500,
      "Cost": 13066.199999999999,
      "Profit": 8710.800000000001
    },
    {
      "Date": "2024-09-17",
      "Revenue": 22661,
      "ProductLine": "Training",
      "Region": "North America",
      "CustomerSegment": "Enterprise",
      "SalesChannel": "Direct",
      "Quantity": 45,
      "UnitPrice": 500,
      "Cost": 13596.6,
      "Profit": 9064.4
    },
    {
      "Date": "2024-09-17",
      "Revenue": 22217,
      "ProductLine": "Training",
      "Region": "Europe",
      "CustomerSegment": "Enterprise",
      "SalesChannel": "Direct",
      "Quantity": 44,
      "UnitPrice": 500,
      "Cost": 13330.199999999999,
      "Profit": 8886.800000000001
    },
    {
      "Date": "2024-09-17",
      "Revenue": 22060,
      "ProductLine": "Training",
      "Region": "Asia Pacific",
      "CustomerSegment": "Enterprise",
      "SalesChannel": "Direct",
      "Quantity": 44,
      "UnitPrice": 500,
      "Cost": 13236.0,
      "Profit": 8824.0
    },
    {
      "Date": "2024-09-17",
      "Revenue": 21550,
      "ProductLine": "Training",
      "Region": "Latin America",
      "CustomerSegment": "Enterprise",
      "SalesChannel": "Direct",
      "Quantity": 43,
      "UnitPrice": 500,
      "Cost": 12930.0,
      "Profit": 8620.0
    }
  ],
  "customer_data": [
    {
      "CustomerID": "CUST0001",
      "CustomerName": "Customer Company 1",
      "AcquisitionDate": "2025-08-13",
      "CustomerSegment": "Enterprise",
      "LifetimeValue": 6000,
      "SatisfactionScore": 4.0,
      "ChurnRisk": "Low",
      "LastPurchaseDate": "2025-08-13",
      "TotalOrders": 1,
      "AverageOrderValue": 1000
    },
    {
      "CustomerID": "CUST0002",
      "CustomerName": "Customer Company 2",
      "AcquisitionDate": "2025-08-03",
      "CustomerSegment": "SMB",
      "LifetimeValue": 5200,
      "SatisfactionScore": 4.1,
      "ChurnRisk": "Low",
      "LastPurchaseDate": "2025-08-11",
      "TotalOrders": 2,
      "AverageOrderValue": 1050
    },
    {
      "CustomerID": "CUST0003",
      "CustomerName": "Customer Company 3",
      "AcquisitionDate": "2025-07-24",
      "CustomerSegment": "Startup",
      "LifetimeValue": 5400,
      "SatisfactionScore": 4.2,
      "ChurnRisk": "Low",
      "LastPurchaseDate": "2025-08-09",
      "TotalOrders": 3,
      "AverageOrderValue": 1100
    },
    {
      "CustomerID": "CUST0004",
      "CustomerName": "Customer Company 4",
      "AcquisitionDate": "2025-07-14",
      "CustomerSegment": "Enterprise",
      "LifetimeValue": 6600,
      "SatisfactionScore": 4.3,
      "ChurnRisk": "Low",
      "LastPurchaseDate": "2025-08-07",
      "TotalOrders": 4,
      "AverageOrderValue": 1150
    },
    {
      "CustomerID": "CUST0005",
      "CustomerName": "Customer Company 5",
      "AcquisitionDate": "2025-07-04",
      "CustomerSegment": "SMB",
      "LifetimeValue": 5800,
      "SatisfactionScore": 4.4,
      "ChurnRisk": "Low",
      "LastPurchaseDate": "2025-08-05",
      "TotalOrders": 5,
      "AverageOrderValue": 1200
    },
    {
      "CustomerID": "CUST0006",
      "CustomerName": "Customer Company 6",
      "AcquisitionDate": "2025-06-24",
      "CustomerSegment": "Startup",
      "LifetimeValue": 6000,
      "SatisfactionScore": 4.5,
      "ChurnRisk": "Low",
      "LastPurchaseDate": "2025-08-03",
      "TotalOrders": 6,
      "AverageOrderValue": 1250
    },
    {
      "CustomerID": "CUST0007",
      "CustomerName": "Customer Company 7",
      "AcquisitionDate": "2025-06-14",
      "CustomerSegment": "Enterprise",
      "LifetimeValue": 7200,
      "SatisfactionScore": 4.6,
      "ChurnRisk": "Low",
      "LastPurchaseDate": "2025-08-01",
      "TotalOrders": 7,
      "AverageOrderValue": 1300
    },
    {
      "CustomerID": "CUST0008",
      "CustomerName": "Customer Company 8",
      "AcquisitionDate": "2025-06-04",
      "CustomerSegment": "SMB",
      "LifetimeValue": 6400,
      "SatisfactionScore": 4.7,
      "ChurnRisk": "Medium",
      "LastPurchaseDate": "2025-07-30",
      "TotalOrders": 8,
      "AverageOrderValue": 1350
    },
    {
      "CustomerID": "CUST0009",
      "CustomerName": "Customer Company 9",
      "AcquisitionDate": "2025-05-25",
      "CustomerSegment": "Startup",
      "LifetimeValue": 6600,
      "SatisfactionScore": 4.8,
      "ChurnRisk": "Medium",
      "LastPurchaseDate": "2025-07-28",
      "TotalOrders": 9,
      "AverageOrderValue": 1400
    },
    {
      "CustomerID": "CUST0010",
      "CustomerName": "Customer Company 10",
      "AcquisitionDate": "2025-05-15",
      "CustomerSegment": "Enterprise",
      "LifetimeValue": 7800,
      "SatisfactionScore": 4.9,
      "ChurnRisk": "High",
      "LastPurchaseDate": "2025-07-26",
      "TotalOrders": 10,
      "AverageOrderValue": 1450
    },
    {
      "CustomerID": "CUST0011",
      "CustomerName": "Customer Company 11",
      "AcquisitionDate": "2025-05-05",
      "CustomerSegment": "SMB",
      "LifetimeValue": 7000,
      "SatisfactionScore": 4.0,
      "ChurnRisk": "Low",
      "LastPurchaseDate": "2025-07-24",
      "TotalOrders": 11,
      "AverageOrderValue": 1500
    },
    {
      "CustomerID": "CUST0012",
      "CustomerName": "Customer Company 12",
      "AcquisitionDate": "2025-04-25",
      "CustomerSegment": "Startup",
      "LifetimeValue": 7200,
      "SatisfactionScore": 4.1,
      "ChurnRisk": "Low",
      "LastPurchaseDate": "2025-07-22",
      "TotalOrders": 12,
      "AverageOrderValue": 1550
    },
    {
      "CustomerID": "CUST0013",
      "CustomerName": "Customer Company 13",
      "AcquisitionDate": "2025-04-15",
      "CustomerSegment": "Enterprise",
      "LifetimeValue": 8400,
      "SatisfactionScore": 4.2,
      "ChurnRisk": "Low",
      "LastPurchaseDate": "2025-07-20",
      "TotalOrders": 13,
      "AverageOrderValue": 1600
    },
    {
      "CustomerID": "CUST0014",
      "CustomerName": "Customer Company 14",
      "AcquisitionDate": "2025-04-05",
      "CustomerSegment": "SMB",
      "LifetimeValue": 7600,
      "SatisfactionScore": 4.3,
      "ChurnRisk": "Low",
      "LastPurchaseDate": "2025-07-18",
      "TotalOrders": 14,
      "AverageOrderValue": 1650
    },
    {
      "CustomerID": "CUST0015",
      "CustomerName": "Customer Company 15",
      "AcquisitionDate": "2025-03-26",
      "CustomerSegment": "Startup",
      "LifetimeValue": 7800,
      "SatisfactionScore": 4.4,
      "ChurnRisk": "Low",
      "LastPurchaseDate": "2025-07-16",
      "TotalOrders": 15,
      "AverageOrderValue": 1700
    },
    {
      "CustomerID": "CUST0016",
      "CustomerName": "Customer Company 16",
      "AcquisitionDate": "2025-03-16",
      "CustomerSegment": "Enterprise",
      "LifetimeValue": 9000,
      "SatisfactionScore": 4.5,
      "ChurnRisk": "Low",
      "LastPurchaseDate": "2025-07-14",
      "TotalOrders": 1,
      "AverageOrderValue": 1750
    },
    {
      "CustomerID": "CUST0017",
      "CustomerName": "Customer Company 17",
      "AcquisitionDate": "2025-03-06",
      "CustomerSegment": "SMB",
      "LifetimeValue": 8200,
      "SatisfactionScore": 4.6,
      "ChurnRisk": "Low",
      "LastPurchaseDate": "2025-07-12",
      "TotalOrders": 2,
      "AverageOrderValue": 1800
    },
    {
      "CustomerID": "CUST0018",
      "CustomerName": "Customer Company 18",
      "AcquisitionDate": "2025-02-24",
      "CustomerSegment": "Startup",
      "LifetimeValue": 8400,
      "SatisfactionScore": 4.7,
      "ChurnRisk": "Medium",
      "LastPurchaseDate": "2025-07-10",
      "TotalOrders": 3,
      "AverageOrderValue": 1850
    },
    {
      "CustomerID": "CUST0019",
      "CustomerName": "Customer Company 19",
      "AcquisitionDate": "2025-02-14",
      "CustomerSegment": "Enterprise",
      "LifetimeValue": 9600,
      "SatisfactionScore": 4.8,
      "ChurnRisk": "Medium",
      "LastPurchaseDate": "2025-07-08",
      "TotalOrders": 4,
      "AverageOrderValue": 1900
    },
    {
      "CustomerID": "CUST0020",
      "CustomerName": "Customer Company 20",
      "AcquisitionDate": "2025-02-04",
      "CustomerSegment": "SMB",
      "LifetimeValue": 8800,
      "SatisfactionScore": 4.9,
      "ChurnRisk": "High",
      "LastPurchaseDate": "2025-07-06",
      "TotalOrders": 5,
      "AverageOrderValue": 1950
    },
    {
      "CustomerID": "CUST0021",
      "CustomerName": "Customer Company 21",
      "AcquisitionDate": "2025-01-25",
      "CustomerSegment": "Startup",
      "LifetimeValue": 9000,
      "SatisfactionScore": 4.0,
      "ChurnRisk": "Low",
      "LastPurchaseDate": "2025-07-04",
      "TotalOrders": 6,
      "AverageOrderValue": 2000
    },
    {
      "CustomerID": "CUST0022",
      "CustomerName": "Customer Company 22",
      "AcquisitionDate": "2025-01-15",
      "CustomerSegment": "Enterprise",
      "LifetimeValue": 10200,
      "SatisfactionScore": 4.1,
      "ChurnRisk": "Low",
      "LastPurchaseDate": "2025-07-02",
      "TotalOrders": 7,
      "AverageOrderValue": 2050
    },
    {
      "CustomerID": "CUST0023",
      "CustomerName": "Customer Company 23",
      "AcquisitionDate": "2025-01-05",
      "CustomerSegment": "SMB",
      "LifetimeValue": 9400,
      "SatisfactionScore": 4.2,
      "ChurnRisk": "Low",
      "LastPurchaseDate": "2025-06-30",
      "TotalOrders": 8,
      "AverageOrderValue": 2100
    },
    {
      "CustomerID": "CUST0024",
      "CustomerName": "Customer Company 24",
      "AcquisitionDate": "2024-12-26",
      "CustomerSegment": "Startup",
      "LifetimeValue": 9600,
      "SatisfactionScore": 4.3,
      "ChurnRisk": "Low",
      "LastPurchaseDate": "2025-06-28",
      "TotalOrders": 9,
      "AverageOrderValue": 2150
    },
    {
      "CustomerID": "CUST0025",
      "CustomerName": "Customer Company 25",
      "AcquisitionDate": "2024-12-16",
      "CustomerSegment": "Enterprise",
      "LifetimeValue": 10800,
      "SatisfactionScore": 4.4,
      "ChurnRisk": "Low",
      "LastPurchaseDate": "2025-06-26",
      "TotalOrders": 10,
      "AverageOrderValue": 2200
    },
    {
      "CustomerID": "CUST0026",
      "CustomerName": "Customer Company 26",
      "AcquisitionDate": "2024-12-06",
      "CustomerSegment": "SMB",
      "LifetimeValue": 10000,
      "SatisfactionScore": 4.5,
      "ChurnRisk": "Low",
      "LastPurchaseDate": "2025-06-24",
      "TotalOrders": 11,
      "AverageOrderValue": 2250
    },
    {
      "CustomerID": "CUST0027",
      "CustomerName": "Customer Company 27",
      "AcquisitionDate": "2024-11-26",
      "CustomerSegment": "Startup",
      "LifetimeValue": 10200,
      "SatisfactionScore": 4.6,
      "ChurnRisk": "Low",
      "LastPurchaseDate": "2025-06-22",
      "TotalOrders": 12,
      "AverageOrderValue": 2300
    },
    {
      "CustomerID": "CUST0028",
      "CustomerName": "Customer Company 28",
      "AcquisitionDate": "2024-11-16",
      "CustomerSegment": "Enterprise",
      "LifetimeValue": 11400,
      "SatisfactionScore": 4.7,
      "ChurnRisk": "Medium",
      "LastPurchaseDate": "2025-06-20",
      "TotalOrders": 13,
      "AverageOrderValue": 2350
    },
    {
      "CustomerID": "CUST0029",
      "CustomerName": "Customer Company 29",
      "AcquisitionDate": "2024-11-06",
      "CustomerSegment": "SMB",
      "LifetimeValue": 10600,
      "SatisfactionScore": 4.8,
      "ChurnRisk": "Medium",
      "LastPurchaseDate": "2025-06-18",
      "TotalOrders": 14,
      "AverageOrderValue": 2400
    },
    {
      "CustomerID": "CUST0030",
      "CustomerName": "Customer Company 30",
      "AcquisitionDate": "2024-10-27",
      "CustomerSegment": "Startup",
      "LifetimeValue": 10800,
      "SatisfactionScore": 4.9,
      "ChurnRisk": "High",
      "LastPurchaseDate": "2025-06-16",
      "TotalOrders": 15,
      "AverageOrderValue": 2450
    },
    {
      "CustomerID": "CUST0031",
      "CustomerName": "Customer Company 31",
      "AcquisitionDate": "2024-10-17",
      "CustomerSegment": "Enterprise",
      "LifetimeValue": 12000,
      "SatisfactionScore": 4.0,
      "ChurnRisk": "Low",
      "LastPurchaseDate": "2025-06-14",
      "TotalOrders": 1,
      "AverageOrderValue": 2500
    },
    {
      "CustomerID": "CUST0032",
      "CustomerName": "Customer Company 32",
      "AcquisitionDate": "2024-10-07",
      "CustomerSegment": "SMB",
      "LifetimeValue": 11200,
      "SatisfactionScore": 4.1,
      "ChurnRisk": "Low",
      "LastPurchaseDate": "2025-06-12",
      "TotalOrders": 2,
      "AverageOrderValue": 2550
    },
    {
      "CustomerID": "CUST0033",
      "CustomerName": "Customer Company 33",
      "AcquisitionDate": "2024-09-27",
      "CustomerSegment": "Startup",
      "LifetimeValue": 11400,
      "SatisfactionScore": 4.2,
      "ChurnRisk": "Low",
      "LastPurchaseDate": "2025-06-10",
      "TotalOrders": 3,
      "AverageOrderValue": 2600
    },
    {
      "CustomerID": "CUST0034",
      "CustomerName": "Customer Company 34",
      "AcquisitionDate": "2024-09-17",
      "CustomerSegment": "Enterprise",
      "LifetimeValue": 12600,
      "SatisfactionScore": 4.3,
      "ChurnRisk": "Low",
      "LastPurchaseDate": "2025-06-08",
      "TotalOrders": 4,
      "AverageOrderValue": 2650
    },
    {
      "CustomerID": "CUST0035",
      "CustomerName": "Customer Company 35",
      "AcquisitionDate": "2024-09-07",
      "CustomerSegment": "SMB",
      "LifetimeValue": 11800,
      "SatisfactionScore": 4.4,
      "ChurnRisk": "Low",
      "LastPurchaseDate": "2025-06-06",
      "TotalOrders": 5,
      "AverageOrderValue": 2700
    },
    {
      "CustomerID": "CUST0036",
      "CustomerName": "Customer Company 36",
      "AcquisitionDate": "2024-08-28",
      "CustomerSegment": "Startup",
      "LifetimeValue": 12000,
      "SatisfactionScore": 4.5,
      "ChurnRisk": "Low",
      "LastPurchaseDate": "2025-06-04",
      "TotalOrders": 6,
      "AverageOrderValue": 2750
    },
    {
      "CustomerID": "CUST0037",
      "CustomerName": "Customer Company 37",
      "AcquisitionDate": "2024-08-18",
      "CustomerSegment": "Enterprise",
      "LifetimeValue": 13200,
      "SatisfactionScore": 4.6,
      "ChurnRisk": "Low",
      "LastPurchaseDate": "2025-06-02",
      "TotalOrders": 7,
      "AverageOrderValue": 2800
    },
    {
      "CustomerID": "CUST0038",
      "CustomerName": "Customer Company 38",
      "AcquisitionDate": "2024-08-08",
      "CustomerSegment": "SMB",
      "LifetimeValue": 12400,
      "SatisfactionScore": 4.7,
      "ChurnRisk": "Medium",
      "LastPurchaseDate": "2025-05-31",
      "TotalOrders": 8,
      "AverageOrderValue": 2850
    },
    {
      "CustomerID": "CUST0039",
      "CustomerName": "Customer Company 39",
      "AcquisitionDate": "2024-07-29",
      "CustomerSegment": "Startup",
      "LifetimeValue": 12600,
      "SatisfactionScore": 4.8,
      "ChurnRisk": "Medium",
      "LastPurchaseDate": "2025-05-29",
      "TotalOrders": 9,
      "AverageOrderValue": 2900
    },
    {
      "CustomerID": "CUST0040",
      "CustomerName": "Customer Company 40",
      "AcquisitionDate": "2024-07-19",
      "CustomerSegment": "Enterprise",
      "LifetimeValue": 13800,
      "SatisfactionScore": 4.9,
      "ChurnRisk": "High",
      "LastPurchaseDate": "2025-05-27",
      "TotalOrders": 10,
      "AverageOrderValue": 2950
    },
    {
      "CustomerID": "CUST0041",
      "CustomerName": "Customer Company 41",
      "AcquisitionDate": "2024-07-09",
      "CustomerSegment": "SMB",
      "LifetimeValue": 13000,
      "SatisfactionScore": 4.0,
      "ChurnRisk": "Low",
      "LastPurchaseDate": "2025-05-25",
      "TotalOrders": 11,
      "AverageOrderValue": 3000
    },
    {
      "CustomerID": "CUST0042",
      "CustomerName": "Customer Company 42",
      "AcquisitionDate": "2024-06-29",
      "CustomerSegment": "Startup",
      "LifetimeValue": 13200,
      "SatisfactionScore": 4.1,
      "ChurnRisk": "Low",
      "LastPurchaseDate": "2025-05-23",
      "TotalOrders": 12,
      "AverageOrderValue": 3050
    },
    {
      "CustomerID": "CUST0043",
      "CustomerName": "Customer Company 43",
      "AcquisitionDate": "2024-06-19",
      "CustomerSegment": "Enterprise",
      "LifetimeValue": 14400,
      "SatisfactionScore": 4.2,
      "ChurnRisk": "Low",
      "LastPurchaseDate": "2025-05-21",
      "TotalOrders": 13,
      "AverageOrderValue": 3100
    },
    {
      "CustomerID": "CUST0044",
      "CustomerName": "Customer Company 44",
      "AcquisitionDate": "2024-06-09",
      "CustomerSegment": "SMB",
      "LifetimeValue": 13600,
      "SatisfactionScore": 4.3,
      "ChurnRisk": "Low",
      "LastPurchaseDate": "2025-05-19",
      "TotalOrders": 14,
      "AverageOrderValue": 3150
    },
    {
      "CustomerID": "CUST0045",
      "CustomerName": "Customer Company 45",
      "AcquisitionDate": "2024-05-30",
      "CustomerSegment": "Startup",
      "LifetimeValue": 13800,
      "SatisfactionScore": 4.4,
      "ChurnRisk": "Low",
      "LastPurchaseDate": "2025-05-17",
      "TotalOrders": 15,
      "AverageOrderValue": 3200
    },
    {
      "CustomerID": "CUST0046",
      "CustomerName": "Customer Company 46",
      "AcquisitionDate": "2024-05-20",
      "CustomerSegment": "Enterprise",
      "LifetimeValue": 15000,
      "SatisfactionScore": 4.5,
      "ChurnRisk": "Low",
      "LastPurchaseDate": "2025-05-15",
      "TotalOrders": 1,
      "AverageOrderValue": 3250
    },
    {
      "CustomerID": "CUST0047",
      "CustomerName": "Customer Company 47",
      "AcquisitionDate": "2024-05-10",
      "CustomerSegment": "SMB",
      "LifetimeValue": 14200,
      "SatisfactionScore": 4.6,
      "ChurnRisk": "Low",
      "LastPurchaseDate": "2025-05-13",
      "TotalOrders": 2,
      "AverageOrderValue": 3300
    },
    {
      "CustomerID": "CUST0048",
      "CustomerName": "Customer Company 48",
      "AcquisitionDate": "2024-04-30",
      "CustomerSegment": "Startup",
      "LifetimeValue": 14400,
      "SatisfactionScore": 4.7,
      "ChurnRisk": "Medium",
      "LastPurchaseDate": "2025-05-11",
      "TotalOrders": 3,
      "AverageOrderValue": 3350
    },
    {
      "CustomerID": "CUST0049",
      "CustomerName": "Customer Company 49",
      "AcquisitionDate": "2024-04-20",
      "CustomerSegment": "Enterprise",
      "LifetimeValue": 15600,
      "SatisfactionScore": 4.8,
      "ChurnRisk": "Medium",
      "LastPurchaseDate": "2025-05-09",
      "TotalOrders": 4,
      "AverageOrderValue": 3400
    },
    {
      "CustomerID": "CUST0050",
      "CustomerName": "Customer Company 50",
      "AcquisitionDate": "2024-04-10",
      "CustomerSegment": "SMB",
      "LifetimeValue": 14800,
      "SatisfactionScore": 4.9,
      "ChurnRisk": "High",
      "LastPurchaseDate": "2025-05-07",
      "TotalOrders": 5,
      "AverageOrderValue": 3450
    }
  ]
}